<record><leader>00000cas a22000007a 4500</leader><controlfield tag="001">18886828</controlfield><controlfield tag="008">881212d19271942nduwr ne      0    0eng d</controlfield><datafield ind1=" " ind2=" " tag="010"><subfield code="a">sn 88076221 </subfield></datafield><datafield ind1=" " ind2=" " tag="040"><subfield code="a">NOP</subfield><subfield code="b">eng</subfield><subfield code="c">NOP</subfield><subfield code="d">OCLCQ</subfield></datafield><datafield ind1=" " ind2=" " tag="042"><subfield code="a">msc</subfield></datafield><datafield ind1="0" ind2="4" tag="245"><subfield code="a">The Ambrose herald.</subfield></datafield><datafield ind1=" " ind2=" " tag="260"><subfield code="a">Ambrose, N.D. :</subfield><subfield code="b">R.O. Burgess</subfield></datafield><datafield ind1=" " ind2=" " tag="300"><subfield code="a">16 v. :</subfield><subfield code="b">ill. ;</subfield><subfield code="c">54 cm.</subfield></datafield><datafield ind1=" " ind2=" " tag="310"><subfield code="a">Weekly</subfield></datafield><datafield ind1="0" ind2=" " tag="362"><subfield code="a">Vol. 1, no. 1 (Mar. 24, 1927)-v. 16, no. 38 (Jan. 29, 1942).</subfield></datafield><datafield ind1=" " ind2=" " tag="500"><subfield code="a">"And continuation of the Upham leader," 1927-1928.</subfield></datafield><datafield ind1=" " ind2=" " tag="530"><subfield code="a">Available on microfilm from the State Historical Society of North Dakota.</subfield></datafield><datafield ind1=" " ind2=" " tag="580"><subfield code="a">Includes department entitled "The Colgan times", 1927.</subfield></datafield><datafield ind1=" " ind2=" " tag="752"><subfield code="a">United States</subfield><subfield code="b">North Dakota</subfield><subfield code="c">Divide</subfield><subfield code="d">Ambrose.</subfield></datafield><datafield ind1="0" ind2=" " tag="777"><subfield code="t">Colgan times</subfield><subfield code="w">(DLC)sn 88076699</subfield></datafield><datafield ind1="0" ind2="0" tag="780"><subfield code="t">Upham leader</subfield><subfield code="w">(DLC)sn 88076667</subfield></datafield></record>